% Encoding: UTF-8

@InBook{martinelli1994,
  chapter      = {7},
  pages        = {103--119},
  title        = {{Os oligop{\'o}lios est{\~a}o de boa sa{\'u}de, obrigado! Elementos de reflex{\~a}o sobre a acumula{\c{c}}{\~a}o flex{\'\i}vel}},
  publisher    = {Celta Editora},
  year         = {1994},
  author       = {Martinelli, Fl{\'a}via and Schoenberger, Erica},
  editor       = {Lipietz Alain},
  address      = {Oeiras},
  booksubtitle = {os novos paradigmas da geografia econ{\'o}mica},
  booktitle    = {As regi{\~o}es ganhadoras--distritos e redes},
  editortype   = {(Org.)},
}

@Comment{jabref-meta: databaseType:bibtex;}

{martinelli1994,
  title={Os oligop{\'o}lios est{\~a}o de boa sa{\'u}de, obrigado! Elementos de reflex{\~a}o sobre a acumula{\c{c}}{\~a}o flex{\'\i}vel},
  author={Martinelli, Fl{\'a}via and Schoenberger, Erica},
  booktitle={As regi{\~o}es ganhadoras--distritos e redes},
  booksubtitle={os novos paradigmas da geografia econ{\^o}mica}
  address={Oeiras},
  publisher={Celta Editora},
  pages={103--119},
  year={1994}
}
